<?xml version="1.0" encoding="utf-8"?>
<record xmlns="http://www.loc.gov/MARC21/slim" xmlns:xsi="http://www.w3.org/2001/XMLSchema-instance" xsi:schemaLocation="http://www.loc.gov/MARC21/slim http://www.loc.gov/standards/marcxml/schema/MARC21slim.xsd">
	<leader>     nam a22        4500</leader>
	<controlfield tag="001">1909451</controlfield>
	<controlfield tag="003">NIC</controlfield>
	<controlfield tag="006">m        d        </controlfield>
	<controlfield tag="007">cr cn |||m|||a</controlfield>
	<controlfield tag="008">150505q18801890ua      o     000 0 ara d</controlfield>
	<datafield ind1=" " ind2=" " tag="040">
		<subfield code="a">NNU</subfield>
		<subfield code="b">eng</subfield>
		<subfield code="e">rda</subfield>
		<subfield code="c">NNU</subfield>
	</datafield>
	<datafield ind1="1" ind2=" " tag="100">
		<subfield code="6">880-01</subfield>
		<subfield code="a">Makkūdī, ʻAbd al-Raḥmān ibn ʻAlī,</subfield>
		<subfield code="d">-1405?</subfield>
	</datafield>
	<datafield ind1="1" ind2="0" tag="245">
		<subfield code="6">880-02</subfield>
		<subfield code="a">Sharḥ al-ʻallāmah al-naḥawī al-muqrī al-lughawī Abī Zayd ʻAbd al-Raḥmān ibn ʻAlī ibn Ṣāliḥ al-Makkūdī ʻalá Alfīyat ibn Mālik fī al-naḥw nafaʻa Allāh taʻālá bihimā ; wa bi-hāmishihi Ḥāshiyat al-Mallawī ...</subfield>
	</datafield>
	<datafield ind1=" " ind2=" " tag="260">
		<subfield code="6">880-03</subfield>
		<subfield code="a">[Miṣr] :</subfield>
		<subfield code="b">[publisher not identified],</subfield>
		<subfield code="c">[188-?]</subfield>
	</datafield>
	<datafield ind1=" " ind2=" " tag="300">
		<subfield code="a">online resource (252 pages)</subfield>
	</datafield>
	<datafield ind1=" " ind2=" " tag="336">
		<subfield code="a">text</subfield>
		<subfield code="2">rdacontent</subfield>
	</datafield>
	<datafield ind1=" " ind2=" " tag="337">
		<subfield code="a">computer</subfield>
		<subfield code="2">rdamedia</subfield>
	</datafield>
	<datafield ind1=" " ind2=" " tag="338">
		<subfield code="a">online resource</subfield>
		<subfield code="2">rdacarrier</subfield>
	</datafield>
	<datafield ind1=" " ind2=" " tag="500">
		<subfield code="a">Spine title: Sharḥ al-Makkūdī ʻalá Alfīyat Ibn Mālik.</subfield>
	</datafield>
	<datafield ind1=" " ind2=" " tag="500">
		<subfield code="a">Part of the Arabic Collections Online (ACO) project, contributed by Cornell University Libraries.</subfield>
	</datafield>
	<datafield ind1=" " ind2=" " tag="533">
		<subfield code="a">Electronic reproduction.</subfield>
		<subfield code="b">New York, N.Y. :</subfield>
		<subfield code="c">New York University,</subfield>
		<subfield code="d">2015.</subfield>
		<subfield code="5">NNU</subfield>
	</datafield>
	<datafield ind1="1" ind2="0" tag="600">
		<subfield code="6">880-04</subfield>
		<subfield code="a">Ibn Mālik, Muḥammad ibn ʻAbd Allāh,</subfield>
		<subfield code="d">-1274.</subfield>
		<subfield code="t">Alfīyah.</subfield>
	</datafield>
	<datafield ind1=" " ind2="0" tag="650">
		<subfield code="a">Arabic language</subfield>
		<subfield code="x">Grammar</subfield>
		<subfield code="v">Early works to 1800.</subfield>
	</datafield>
	<datafield ind1="0" ind2="7" tag="630">
		<subfield code="a">Alfīyah (Ibn Mālik, Muḥammad ibn ʻAbd Allāh)</subfield>
		<subfield code="2">fast</subfield>
		<subfield code="0">(OCoLC)fst01360506</subfield>
	</datafield>
	<datafield ind1=" " ind2="7" tag="650">
		<subfield code="a">Arabic language</subfield>
		<subfield code="x">Grammar.</subfield>
		<subfield code="2">fast</subfield>
		<subfield code="0">(OCoLC)fst00812341</subfield>
	</datafield>
	<datafield ind1=" " ind2="7" tag="655">
		<subfield code="a">Early works.</subfield>
		<subfield code="2">fast</subfield>
		<subfield code="0">(OCoLC)fst01411636</subfield>
	</datafield>
	<datafield ind1="1" ind2=" " tag="700">
		<subfield code="6">880-05</subfield>
		<subfield code="a">Mallawī, Aḥmad ibn ʻAbd al-Fattāḥ,</subfield>
		<subfield code="d">1677-1767 or 1768.</subfield>
	</datafield>
	<datafield ind1="2" ind2=" " tag="710">
		<subfield code="a">Cornell University.</subfield>
		<subfield code="b">Libraries.</subfield>
	</datafield>
	<datafield ind1="0" ind2=" " tag="730">
		<subfield code="a">Arabic Collections Online.</subfield>
	</datafield>
	<datafield ind1="0" ind2=" " tag="740">
		<subfield code="6">880-06</subfield>
		<subfield code="a">Sharḥ al-Makkūdī ʻalá alfīyat Ibn Mālik.</subfield>
	</datafield>
	<datafield ind1="0" ind2=" " tag="740">
		<subfield code="6">880-07</subfield>
		<subfield code="a">Sharḥ Abī Zayd ʻAbd al-Raṃān ibn Abī Ṣāliḥ al-Makkūdī ʻalá Alfīyat Ibn Mal̄ik fī al-Naḥw.</subfield>
	</datafield>
	<datafield ind1="0" ind2=" " tag="740">
		<subfield code="6">880-08</subfield>
		<subfield code="a">Alfīyat ibn Mālik fī al-naḥw.</subfield>
	</datafield>
	<datafield ind1="0" ind2="8" tag="776">
		<subfield code="i">Online version:</subfield>
		<subfield code="a">Makkūdī, ʻAbd al-Raḥmān ibn ʻAlī, -1405?</subfield>
		<subfield code="t">Sharḥ al-ʻallāmah al-naḥawī al-muqrī al-lughawī Abī Zayd ʻAbd al-Raḥmān ibn ʻAlī ibn Ṣāliḥ al-Makkūdī ʻalá Alfīyat ibn Mālik fī al-naḥw nafaʻa Allāh taʻālá bihimā ; wa bi-hāmishihi Ḥāshiyat al-Mallawī.</subfield>
		<subfield code="d">[Egypt : s.n., 188-?]</subfield>
		<subfield code="w">(OCoLC)852776228</subfield>
	</datafield>
	<datafield ind1="0" ind2="8" tag="776">
		<subfield code="i">Print version:</subfield>
		<subfield code="a">Makkūdī, ʻAbd al-Raḥmān ibn ʻAlī, -1405?</subfield>
		<subfield code="t">Sharḥ al-ʻallāmah al-naḥawī al-muqrī al-lughawī Abī Zayd ʻAbd al-Raḥmān ibn ʻAlī ibn Ṣāliḥ al-Makkūdī ʻalá Alfīyat ibn Mālik fī al-naḥw nafaʻa Allāh taʻālá bihimā ; wa bi-hāmishihi Ḥāshiyat al-Mallawī</subfield>
		<subfield code="w">(NIC)1909451</subfield>
		<subfield code="w">(OCoLC)64680441</subfield>
	</datafield>
	<datafield ind1="4" ind2="0" tag="856">
		<subfield code="u">http://hdl.handle.net/2333.1/r7sqvd2s</subfield>
	</datafield>
	<datafield ind1="1" ind2=" " tag="880">
		<subfield code="6">100-01/r</subfield>
		<subfield code="a">مكودي، عبد الرحمن بن علي،</subfield>
		<subfield code="d">-1405?</subfield>
	</datafield>
	<datafield ind1="1" ind2="0" tag="880">
		<subfield code="6">245-02/r</subfield>
		<subfield code="a">شرح العلامة النحوي المقري اللغوي ابي زيد عبد الرحمن بن علي بن صاله المكودي على الفية بن مال في النحو نفع الله تعالى بهما ؛ و بهامشه حاشية الملوي ...</subfield>
	</datafield>
	<datafield ind1=" " ind2=" " tag="880">
		<subfield code="6">260-03/r</subfield>
		<subfield code="a">[مصر] :</subfield>
		<subfield code="b">[publisher not identified],</subfield>
		<subfield code="c">[188؟]</subfield>
	</datafield>
	<datafield ind1="1" ind2="4" tag="880">
		<subfield code="6">600-04/r</subfield>
		<subfield code="a">ابن مال، محمد بن عبد الله،</subfield>
		<subfield code="d">1274-.</subfield>
		<subfield code="t">الفية.</subfield>
	</datafield>
	<datafield ind1="1" ind2=" " tag="880">
		<subfield code="6">700-05/r</subfield>
		<subfield code="a">ملوي، احمد بن عبد الفتاح،</subfield>
		<subfield code="d">1677-1767 or 1768.</subfield>
	</datafield>
	<datafield ind1="0" ind2=" " tag="880">
		<subfield code="6">740-06/r</subfield>
		<subfield code="a">شرح المكودي على الفية ابن مالك.</subfield>
	</datafield>
	<datafield ind1="0" ind2=" " tag="880">
		<subfield code="6">740-07/r</subfield>
		<subfield code="a">شرح ابي زيد عبد الرمان بن ابي صالح المكودي على الفية ابن مالك في النحو.</subfield>
	</datafield>
	<datafield ind1="0" ind2=" " tag="880">
		<subfield code="6">740-08/r</subfield>
		<subfield code="a">الفية بن مالك في النحو.</subfield>
	</datafield>
	<datafield ind1=" " ind2=" " tag="959">
		<subfield code="a">NNU</subfield>
		<subfield code="b">WEB</subfield>
		<subfield code="c">GENI</subfield>
		<subfield code="t">0</subfield>
		<subfield code="m">Electronic access</subfield>
		<subfield code="s">01</subfield>
	</datafield>
	<datafield ind1=" " ind2=" " tag="999">
		<subfield code="i">NIC_1909451</subfield>
		<subfield code="o">(OCoLC)ocm64680441</subfield>
		<subfield code="s">cornell_aco000063</subfield>
	</datafield>
</record>
